This is a hand-curated bib file.  Humans can feel free to edit.

It will be loaded AFTER the generated.bib file so any entries here that exist there will be hidden.


@phdthesis{Viren:2000kp,
    author = "Viren, Brett Michael",
    title = "{A Search for the decay of protons to positron neutral pion and charged muon neutral pion}",
    reportNumber = "UMI-99-74914",
    school = "SUNY, Stony Brook",
    year = "2000",
    keywords = "bv"
}

