DO NOT EDIT THIS FILE.  IT IS FULLY GENERATED.  ANY EDITS MAY BE LOST.                  

@article{Zhang:2023zif,
    author = "Zhang, Chao and Qian, Xin and Fallot, Muriel",
    title = "{Reactor antineutrino flux and anomaly}",
    eprint = "2310.13070",
    archivePrefix = "arXiv",
    primaryClass = "hep-ph",
    doi = "10.1016/j.ppnp.2024.104106",
    journal = "Prog. Part. Nucl. Phys.",
    volume = "136",
    pages = "104106",
    year = "2024",
    keywords = "edg"
}

                  
@article{DayaBay:2024nip,
    author = "An, F. P. and others",
    collaboration = "Daya Bay",
    title = "{Search for a sub-eV sterile neutrino using Daya Bay's full dataset}",
    eprint = "2404.01687",
    archivePrefix = "arXiv",
    primaryClass = "hep-ex",
    month = "4",
    year = "2024",
    keywords = "bv,dayabay,edg"
}
                  
@article{MicroBooNE:2024sec,
    author = "Abratenko, P. and others",
    collaboration = "MicroBooNE",
    title = "{First double-differential cross section measurement of neutral-current $\pi^0$ production in neutrino-argon scattering in the MicroBooNE detector}",
    eprint = "2404.10948",
    archivePrefix = "arXiv",
    primaryClass = "hep-ex",
    reportNumber = "FERMILAB-PUB-24-0125",
    month = "4",
    year = "2024",
    keywords = "bv"
}

DO NOT EDIT THIS FILE.  IT IS FULLY GENERATED.  ANY EDITS MAY BE LOST.